<?xml version="1.0" encoding="UTF-8"?><record xmlns="http://www.loc.gov/MARC21/slim" xmlns:cinclude="http://apache.org/cocoon/include/1.0" xmlns:zs="http://www.loc.gov/zing/srw/">
  <leader>00480cz  a2200133n  4500</leader>
  <controlfield tag="001">n  80048151 </controlfield>
  <controlfield tag="003">DLC</controlfield>
  <controlfield tag="005">20090218080251.0</controlfield>
  <controlfield tag="008">800616n| acannaabn          |n aaa      </controlfield>
  <datafield tag="010" ind1=" " ind2=" ">
    <subfield code="a">n  80048151 </subfield>
  </datafield>
  <datafield tag="035" ind1=" " ind2=" ">
    <subfield code="a">(OCoLC)oca00430061</subfield>
  </datafield>
  <datafield tag="040" ind1=" " ind2=" ">
    <subfield code="a">DLC</subfield>
    <subfield code="b">eng</subfield>
    <subfield code="c">DLC</subfield>
    <subfield code="d">OCoLC</subfield>
  </datafield>
  <datafield tag="100" ind1="1" ind2=" ">
    <subfield code="a">Päivärinta, Heikki</subfield>
  </datafield>
  <datafield tag="670" ind1=" " ind2=" ">
    <subfield code="a">Histochemistry and cell biology of autonomic neurons, SIF cells, and paraneurons, c1980 (a.e.)</subfield>
    <subfield code="b">t.p. (Heikki Päivärinta, M.Sc., M.L.; Dept. of Anatomy, Univ. of Helsinki)</subfield>
  </datafield>
</record>